<record><leader>00000cas a22000007a 4500</leader><controlfield tag="001">15155862</controlfield><controlfield tag="008">870205d18721878mouwr ne      0    0eng d</controlfield><datafield ind1=" " ind2=" " tag="010"><subfield code="a">sn 87052132 </subfield></datafield><datafield ind1=" " ind2=" " tag="040"><subfield code="a">NPX</subfield><subfield code="b">eng</subfield><subfield code="c">NPX</subfield><subfield code="d">MQN</subfield><subfield code="d">OCLCQ</subfield><subfield code="d">OCLCF</subfield><subfield code="d">OCLCO</subfield></datafield><datafield ind1="1" ind2=" " tag="029"><subfield code="a">AU@</subfield><subfield code="b">000025824369</subfield></datafield><datafield ind1=" " ind2=" " tag="042"><subfield code="a">msc</subfield></datafield><datafield ind1=" " ind2=" " tag="043"><subfield code="a">n-us-mo</subfield></datafield><datafield ind1="0" ind2="0" tag="245"><subfield code="a">Keytesville herald.</subfield></datafield><datafield ind1=" " ind2=" " tag="260"><subfield code="a">Keytesville, Chariton County, Mo. :</subfield><subfield code="b">T.D. Bogie and J.S. Hunter,</subfield><subfield code="c">1872-1878.</subfield></datafield><datafield ind1=" " ind2=" " tag="300"><subfield code="a">7 v.</subfield></datafield><datafield ind1=" " ind2=" " tag="310"><subfield code="a">Weekly</subfield></datafield><datafield ind1="0" ind2=" " tag="362"><subfield code="a">Vol. 1, no. 1 (Mar. 16, 1872)-v. 7, no. 10 (May 15, 1878).</subfield></datafield><datafield ind1=" " ind2="0" tag="651"><subfield code="a">Keytesville (Mo.)</subfield><subfield code="v">Newspapers.</subfield></datafield><datafield ind1=" " ind2="7" tag="655"><subfield code="a">Newspapers.</subfield><subfield code="2">fast</subfield><subfield code="0">(OCoLC)fst01423814</subfield></datafield><datafield ind1=" " ind2="7" tag="651"><subfield code="a">Missouri</subfield><subfield code="z">Keytesville.</subfield><subfield code="2">fast</subfield><subfield code="0">(OCoLC)fst01880485</subfield></datafield><datafield ind1=" " ind2=" " tag="752"><subfield code="a">United States</subfield><subfield code="b">Missouri</subfield><subfield code="c">Chariton</subfield><subfield code="d">Keytesville.</subfield></datafield><datafield ind1="0" ind2="0" tag="780"><subfield code="t">Chariton County union</subfield><subfield code="w">(DLC)sn 87052133</subfield></datafield><datafield ind1="0" ind2="0" tag="785"><subfield code="t">Chariton courier</subfield><subfield code="w">(DLC)sn 88068010</subfield></datafield></record>